@article{bostrom2003are,
  title={Are we living in a computer simulation?},
  author={Bostrom, Nick},
  journal={The philosophical quarterly},
  volume={53},
  number={211},
  pages={243--255},
  year={2003},
  publisher={Oxford University Press}
}